<?xml version="1.0" encoding="UTF-8"?><collection xmlns="http://www.loc.gov/MARC21/slim"><record><leader>00604nam--2200181-i-4500</leader><controlfield tag="001">000029417</controlfield><controlfield tag="002">20161230</controlfield><controlfield tag="005">20161230201037</controlfield><controlfield tag="008">060222s1000------------r-----000-0-ger-d</controlfield><datafield ind1=" " ind2=" " tag="040"><subfield code="a">IFIN-HH</subfield></datafield><datafield ind1=" " ind2=" " tag="041"><subfield code="a">ger</subfield></datafield><datafield ind1=" " ind2=" " tag="080"><subfield code="a">533.952(043)</subfield></datafield><datafield ind1="1" ind2=" " tag="100"><subfield code="a">Kunze, Hubert</subfield></datafield><datafield ind1="1" ind2="0" tag="245"><subfield code="a">Der z-pinch als plasmatarget zur untersuchung der wechselwirkung von schnellen schweren ionen mit vollionisierter materie. dissertation</subfield><subfield code="c">Hubert kunze</subfield></datafield><datafield ind1=" " ind2=" " tag="260"><subfield code="a">Aachen, Fakultat Fur Maschinenwesen Der Theinisch-westfalischen Technischen, 1990</subfield></datafield><datafield ind1=" " ind2=" " tag="300"><subfield code="a">100P</subfield></datafield><datafield ind1=" " ind2=" " tag="852"><subfield code="a">79454</subfield><subfield code="c">533.9</subfield></datafield><datafield ind1=" " ind2=" " tag="CAT"><subfield code="a">Sys</subfield><subfield code="c">20101004</subfield><subfield code="h">082101</subfield></datafield></record></collection>